@book{Hanke:17,
author={Hanke, M.},
title={A Taste of Inverse Problems},
publisher={Society for Industrial and Applied Mathematics},
address={Philadelphia},
year={2017}}
